@article{jegatit1993,
    author = {Jegadeesh, N. and Titman, S.},
    title = {Returns to Buying Winners and Selling Losers: Implications for Stock Market Efficiency},
    journal = {The Journal of Finance},
    volume = {48},
    number = {1},
    pages = {65--91},
    year = {1993},
    doi = {10.2307/2328882}
}
