@article{jegatit1993,
    author = {Jegadeesh, N. and Titman, S.},
    title = {Returns to Buying Winners and Selling Losers: Implications
for Stock Market Efficiency},
    journal ={The Journal of Finance},
    volume={48},
    number={1},
    pages={65--91},
    year = {1993},
    doi={10.2307/2328882}
}

@article{rouwenhorst1998,
    author = {Rouwenhorst, G. K.},
    title = {International Momentum Strategies},
    journal = {The Journal of Finance},
    volume = {53},
    number = {1},
    pages = {276--284},
    year = {1998},
    doi = {10.1111/0022-1082.95722}
}

@article{debondt1987,
    author = {De Bondt, W. F. and Thaler, R.},
    title = {Further Evidence on Investor Overreaction and Stock Market Seasonality},
    journal = {The Journal of Finance},
    volume = {42},
    number = {3},
    pages = {557--581},
    year = {1987},
    doi = {10.1111/j.1540-6261.1987.tb04569.x}
}

@article{ammann2008,
    author = {Ammann, M. and Steiner, M.},
    title = {Risk Factors for the Swiss Stock Market},
    journal = {Schweizerische Zeitschrift f√ºr Volkswirtschaft und Statistik},
    volume = {144},
    number = {1},
    pages = {1--35},
    year = {2008},
    doi = {10.1007/BF03399247}
}